@article{C1,
  title={Lambda-invariants and gamma-transforms},
  author={Childress, Nancy},
  journal={manuscripta mathematica},
  volume={64},
  number={3},
  pages={359--375},
  year={1989},
  publisher={Springer}
}

@article{C2,
  title={Examples of lambda-invariants},
  author={Childress, Nancy},
  journal={manuscripta mathematica},
  volume={68},
  number={1},
  pages={447--453},
  year={1990},
  publisher={Springer}
}

@article{sands,
  title={Computation of Iwasawa lambda invariants for imaginary quadratic fields},
  author={Dummit, DS and Ford, D and Kisilevsky, H and Sands, JW},
  journal={Journal of Number Theory},
  volume={37},
  number={1},
  pages={100--121},
  year={1991},
  publisher={Elsevier}
}

@book{washington,
  title={Introduction to cyclotomic fields},
  author={Washington, Lawrence C},
  volume={83},
  year={1997},
  publisher={Springer}
}

@book{koblitz,
  title={$p$-adic numbers, $p$-adic analysis, and zeta-functions},
  author={Koblitz, Neal},
  year={1984},
  publisher={Springer}
}

@misc{pari,
  title={Notes on computing Iwasawa polynomials by PARI/GP},
  author={Mizusawa, Yasushi}
}

@article{ferrerowashington,
  title={The Iwasawa invariant $\mu$ vanishes for abelian number fields},
  author={Ferrero, Bruce and Washington, Lawrence C},
  journal={The Annals of Mathematics},
  volume={109},
  number={2},
  pages={377--395},
  year={1979},
  publisher={JSTOR}
}

@article{iwasawa,
  title={On Gamma-extensions of algebraic number fields},
  author={Iwasawa, Kenkichi},
  journal={Bulletin of the American Mathematical Society},
  volume={65},
  number={4},
  pages={183--226},
  year={1959}
}

@book{iwasawa2,
  title={Lectures on p-adic L-functions},
  author={Iwasawa, Kenkichi},
  number={74},
  year={1972},
  publisher={Princeton University Press}
}

@article{magma,
  title={The Magma algebra system I: The user language},
  author={Bosma, Wieb and Cannon, John and Playoust, Catherine},
  journal={Journal of Symbolic Computation},
  volume={24},
  number={3},
  pages={235--265},
  year={1997},
  publisher={Elsevier}
}

@article{greenberg,
  title={On the Iwasawa invariants of totally real number fields},
  author={Greenberg, Ralph},
  journal={American Journal of Mathematics},
  volume={98},
  number={1},
  pages={263--284},
  year={1976},
  publisher={JSTOR}
}

@article{iwasawa3,
  title={On p-adic L-functions},
  author={Iwasawa, Kenkichi},
  journal={The Annals of Mathematics},
  volume={89},
  number={1},
  pages={198--205},
  year={1969},
  publisher={JSTOR}
}

@article{ellenberg,
  title={Modeling $\lambda$-invariants by p-adic random matrices},
  author={Ellenberg, Jordan S and Jain, Sonal and Venkatesh, Akshay},
  journal={Communications on Pure and Applied Mathematics},
  volume={64},
  number={9},
  pages={1243--1262},
  year={2011},
  publisher={Wiley Online Library}
}

@book{koblitz1980,
  title={p-adic analysis: A short course on recent work},
  author={Koblitz, Neal},
  volume={46},
  year={1980},
  publisher={Cambridge University Press}
}

@book{neukirch,
  title={Algebraic number theory},
  author={Neukirch, J{\"u}rgen and Schappacher, Norbert},
  volume={9},
  year={1999},
  publisher={Springer Berlin}
}

@article{friedmansands,
  title={On the l-adic Iwasawa $\lambda$-invariant in a p-extension},
  author={Friedman, Eduardo and Sands, Jonathan W and Washington, Lawrence C},
  journal={Mathematics of computation},
  pages={1659--1674},
  year={1995},
  publisher={JSTOR}
}

@article{ferrerogreenberg,
  title={On the behavior of p-adic L-functions at s=0},
  author={Ferrero, Bruce and Greenberg, Ralph},
  journal={Inventiones Mathematicae},
  volume={50},
  number={1},
  pages={91--102},
  year={1978},
  publisher={Springer}
}

@article{fukuda,
  title={Iwasawa $\lambda$-invariants of imaginary quadratic fields, J},
  author={Fukuda, T},
  journal={College Industrial Technology Nihon Univ},
  volume={27},
  pages={35--88},
  year={1994}
}

@article{ferrero,
  title={The cyclotomic Z2-extension of imaginary quadratic fields},
  author={Ferrero, Bruce},
  journal={American Journal of Mathematics},
  pages={447--459},
  year={1980},
  publisher={JSTOR}
}

@misc{kconrad,
  title={Ostrowski for number fields},
  author={Conrad, Keith},
  note={\url{http://www.math.uconn.edu/~kconrad/blurbs/gradnumthy/ostrowski.pdf}}
}

@article{kubota,
  title={Eine p-adische Theorie der Zetawerte. Teil I: Einf{\"u}hrung der p-adischen Dirichletschen L-Funktionen.},
  author={Kubota, Tomio and Leopoldt, Heinrich W},
  journal={Journal f{\"u}r die reine und angewandte Mathematik},
  volume={214},
  pages={328--339},
  year={1964}
}

@book{cohen,
  title={A course in computational algebraic number theory},
  author={Cohen, Henri},
  volume={138},
  year={1993},
  publisher={Springer}
}